@article{golosov2007menu,
  title={Menu costs and Phillips curves},
  author={Golosov, Mikhail and Lucas Jr, Robert E},
  journal={Journal of Political Economy},
  volume={115},
  number={2},
  pages={171--199},
  year={2007},
  publisher={The University of Chicago Press}
}
